%YAML 1.1
%TAG !u! tag:unity3d.com,2011:
--- !u!29 &1
OcclusionCullingSettings:
  m_ObjectHideFlags: 0
  serializedVersion: 2
  m_OcclusionBakeSettings:
    smallestOccluder: 5
    smallestHole: 0.25
    backfaceThreshold: 100
  m_SceneGUID: 00000000000000000000000000000000
  m_OcclusionCullingData: {fileID: 0}
--- !u!104 &2
RenderSettings:
  m_ObjectHideFlags: 0
  serializedVersion: 7
  m_Fog: 0
  m_FogColor: {r: 0.5, g: 0.5, b: 0.5, a: 1}
  m_FogMode: 3
  m_FogDensity: 0.01
  m_LinearFogStart: 0
  m_LinearFogEnd: 300
  m_AmbientSkyColor: {r: 0.212, g: 0.227, b: 0.259, a: 1}
  m_AmbientEquatorColor: {r: 0.114, g: 0.125, b: 0.133, a: 1}
  m_AmbientGroundColor: {r: 0.047, g: 0.043, b: 0.035, a: 1}
  m_AmbientIntensity: 1
  m_AmbientMode: 0
  m_SkyboxMaterial: {fileID: 10304, guid: 0000000000000000f000000000000000, type: 0}
  m_HaloStrength: 0.5
  m_FlareStrength: 1
  m_FlareFadeSpeed: 3
  m_HaloTexture: {fileID: 0}
  m_SpotCookie: {fileID: 10001, guid: 0000000000000000e000000000000000, type: 0}
  m_DefaultReflectionMode: 0
  m_DefaultReflectionResolution: 128
  m_ReflectionBounces: 1
  m_ReflectionIntensity: 1
  m_CustomReflection: {fileID: 0}
  m_Sun: {fileID: 0}
  m_IndirectSpecularColor: {r: 0.44657868, g: 0.49641263, b: 0.57481706, a: 1}
--- !u!157 &3
LightmapSettings:
  m_ObjectHideFlags: 0
  serializedVersion: 7
  m_GIWorkflowMode: 0
  m_GISettings:
    serializedVersion: 2
    m_BounceScale: 1
    m_IndirectOutputScale: 1
    m_AlbedoBoost: 1
    m_TemporalCoherenceThreshold: 1
    m_EnvironmentLightingMode: 0
    m_EnableBakedLightmaps: 1
    m_EnableRealtimeLightmaps: 1
  m_LightmapEditorSettings:
    serializedVersion: 4
    m_Resolution: 2
    m_BakeResolution: 40
    m_TextureWidth: 1024
    m_TextureHeight: 1024
    m_AO: 0
    m_AOMaxDistance: 1
    m_CompAOExponent: 1
    m_CompAOExponentDirect: 0
    m_Padding: 2
    m_LightmapParameters: {fileID: 0}
    m_LightmapsBakeMode: 1
    m_TextureCompression: 1
    m_DirectLightInLightProbes: 1
    m_FinalGather: 0
    m_FinalGatherFiltering: 1
    m_FinalGatherRayCount: 256
    m_ReflectionCompression: 2
  m_LightingDataAsset: {fileID: 0}
  m_RuntimeCPUUsage: 25
--- !u!196 &4
NavMeshSettings:
  serializedVersion: 2
  m_ObjectHideFlags: 0
  m_BuildSettings:
    serializedVersion: 2
    agentTypeID: 0
    agentRadius: 0.5
    agentHeight: 2
    agentSlope: 45
    agentClimb: 0.4
    ledgeDropHeight: 0
    maxJumpAcrossDistance: 0
    minRegionArea: 2
    manualCellSize: 0
    cellSize: 0.16666667
    accuratePlacement: 0
  m_NavMeshData: {fileID: 23800000, guid: 3346c6fb789818c41a03f3ed7842afc0, type: 2}
--- !u!1001 &93059673
Prefab:
  m_ObjectHideFlags: 0
  serializedVersion: 2
  m_Modification:
    m_TransformParent: {fileID: 0}
    m_Modifications:
    - target: {fileID: 400024, guid: 8c4a7415f616d574187b62ec4b308eae, type: 3}
      propertyPath: m_LocalPosition.x
      value: -6.744725
      objectReference: {fileID: 0}
    - target: {fileID: 400024, guid: 8c4a7415f616d574187b62ec4b308eae, type: 3}
      propertyPath: m_LocalPosition.y
      value: -2.0140834
      objectReference: {fileID: 0}
    - target: {fileID: 400024, guid: 8c4a7415f616d574187b62ec4b308eae, type: 3}
      propertyPath: m_LocalPosition.z
      value: 15.13258
      objectReference: {fileID: 0}
    - target: {fileID: 400024, guid: 8c4a7415f616d574187b62ec4b308eae, type: 3}
      propertyPath: m_LocalRotation.x
      value: -0.7071068
      objectReference: {fileID: 0}
    - target: {fileID: 400024, guid: 8c4a7415f616d574187b62ec4b308eae, type: 3}
      propertyPath: m_LocalRotation.y
      value: 0
      objectReference: {fileID: 0}
    - target: {fileID: 400024, guid: 8c4a7415f616d574187b62ec4b308eae, type: 3}
      propertyPath: m_LocalRotation.z
      value: -0
      objectReference: {fileID: 0}
    - target: {fileID: 400024, guid: 8c4a7415f616d574187b62ec4b308eae, type: 3}
      propertyPath: m_LocalRotation.w
      value: 0.7071067
      objectReference: {fileID: 0}
    - target: {fileID: 400024, guid: 8c4a7415f616d574187b62ec4b308eae, type: 3}
      propertyPath: m_RootOrder
      value: 11
      objectReference: {fileID: 0}
    m_RemovedComponents: []
  m_ParentPrefab: {fileID: 100100000, guid: 8c4a7415f616d574187b62ec4b308eae, type: 3}
  m_IsPrefabParent: 0
--- !u!1 &127585406 stripped
GameObject:
  m_PrefabParentObject: {fileID: 180438, guid: 6f897a4366645d449bcf625ec2d02ebe, type: 2}
  m_PrefabInternal: {fileID: 197849728}
--- !u!65 &127585407
BoxCollider:
  m_ObjectHideFlags: 0
  m_PrefabParentObject: {fileID: 0}
  m_PrefabInternal: {fileID: 0}
  m_GameObject: {fileID: 127585406}
  m_Material: {fileID: 0}
  m_IsTrigger: 0
  m_Enabled: 1
  serializedVersion: 2
  m_Size: {x: 0.12656793, y: 0.53337103, z: 0.21173137}
  m_Center: {x: -0.027754338, y: 0.23336142, z: -0.009089396}
--- !u!4 &175344964 stripped
Transform:
  m_PrefabParentObject: {fileID: 4273979748425876, guid: 98910b4cdb947514da5de87ea40e0f2c,
    type: 2}
  m_PrefabInternal: {fileID: 740548552}
--- !u!1001 &197849728
Prefab:
  m_ObjectHideFlags: 0
  serializedVersion: 2
  m_Modification:
    m_TransformParent: {fileID: 0}
    m_Modifications:
    - target: {fileID: 478982, guid: 6f897a4366645d449bcf625ec2d02ebe, type: 2}
      propertyPath: m_LocalPosition.x
      value: 2.68
      objectReference: {fileID: 0}
    - target: {fileID: 478982, guid: 6f897a4366645d449bcf625ec2d02ebe, type: 2}
      propertyPath: m_LocalPosition.y
      value: 0
      objectReference: {fileID: 0}
    - target: {fileID: 478982, guid: 6f897a4366645d449bcf625ec2d02ebe, type: 2}
      propertyPath: m_LocalPosition.z
      value: -2
      objectReference: {fileID: 0}
    - target: {fileID: 478982, guid: 6f897a4366645d449bcf625ec2d02ebe, type: 2}
      propertyPath: m_LocalRotation.x
      value: -0
      objectReference: {fileID: 0}
    - target: {fileID: 478982, guid: 6f897a4366645d449bcf625ec2d02ebe, type: 2}
      propertyPath: m_LocalRotation.y
      value: -0.999792
      objectReference: {fileID: 0}
    - target: {fileID: 478982, guid: 6f897a4366645d449bcf625ec2d02ebe, type: 2}
      propertyPath: m_LocalRotation.z
      value: -0
      objectReference: {fileID: 0}
    - target: {fileID: 478982, guid: 6f897a4366645d449bcf625ec2d02ebe, type: 2}
      propertyPath: m_LocalRotation.w
      value: -0.02039962
      objectReference: {fileID: 0}
    - target: {fileID: 478982, guid: 6f897a4366645d449bcf625ec2d02ebe, type: 2}
      propertyPath: m_RootOrder
      value: 6
      objectReference: {fileID: 0}
    - target: {fileID: 478982, guid: 6f897a4366645d449bcf625ec2d02ebe, type: 2}
      propertyPath: m_LocalEulerAnglesHint.y
      value: -182.338
      objectReference: {fileID: 0}
    - target: {fileID: 197050, guid: 6f897a4366645d449bcf625ec2d02ebe, type: 2}
      propertyPath: m_Name
      value: Robotshooty
      objectReference: {fileID: 0}
    m_RemovedComponents: []
  m_ParentPrefab: {fileID: 100100000, guid: 6f897a4366645d449bcf625ec2d02ebe, type: 2}
  m_IsPrefabParent: 0
--- !u!1 &208503660 stripped
GameObject:
  m_PrefabParentObject: {fileID: 144538, guid: 6f897a4366645d449bcf625ec2d02ebe, type: 2}
  m_PrefabInternal: {fileID: 197849728}
--- !u!65 &208503661
BoxCollider:
  m_ObjectHideFlags: 0
  m_PrefabParentObject: {fileID: 0}
  m_PrefabInternal: {fileID: 0}
  m_GameObject: {fileID: 208503660}
  m_Material: {fileID: 0}
  m_IsTrigger: 0
  m_Enabled: 1
  serializedVersion: 2
  m_Size: {x: 0.12171543, y: 0.19691671, z: 0.10319553}
  m_Center: {x: -0.026235133, y: 0.10663758, z: -0.018077644}
--- !u!1 &243489740 stripped
GameObject:
  m_PrefabParentObject: {fileID: 159096, guid: 6f897a4366645d449bcf625ec2d02ebe, type: 2}
  m_PrefabInternal: {fileID: 197849728}
--- !u!65 &243489741
BoxCollider:
  m_ObjectHideFlags: 0
  m_PrefabParentObject: {fileID: 0}
  m_PrefabInternal: {fileID: 0}
  m_GameObject: {fileID: 243489740}
  m_Material: {fileID: 0}
  m_IsTrigger: 0
  m_Enabled: 1
  serializedVersion: 2
  m_Size: {x: 0.14096801, y: 0.2717572, z: 0.14630155}
  m_Center: {x: -0.0167212, y: 0.07118316, z: -0.019817328}
--- !u!1001 &253329765
Prefab:
  m_ObjectHideFlags: 0
  serializedVersion: 2
  m_Modification:
    m_TransformParent: {fileID: 0}
    m_Modifications:
    - target: {fileID: 4923599329787998, guid: ac0c0b6f824022e46b584857c2b367d7, type: 2}
      propertyPath: m_LocalPosition.x
      value: -10.786945
      objectReference: {fileID: 0}
    - target: {fileID: 4923599329787998, guid: ac0c0b6f824022e46b584857c2b367d7, type: 2}
      propertyPath: m_LocalPosition.y
      value: 4.7572636e-17
      objectReference: {fileID: 0}
    - target: {fileID: 4923599329787998, guid: ac0c0b6f824022e46b584857c2b367d7, type: 2}
      propertyPath: m_LocalPosition.z
      value: -2.142481
      objectReference: {fileID: 0}
    - target: {fileID: 4923599329787998, guid: ac0c0b6f824022e46b584857c2b367d7, type: 2}
      propertyPath: m_LocalRotation.x
      value: 0
      objectReference: {fileID: 0}
    - target: {fileID: 4923599329787998, guid: ac0c0b6f824022e46b584857c2b367d7, type: 2}
      propertyPath: m_LocalRotation.y
      value: 0
      objectReference: {fileID: 0}
    - target: {fileID: 4923599329787998, guid: ac0c0b6f824022e46b584857c2b367d7, type: 2}
      propertyPath: m_LocalRotation.z
      value: 0
      objectReference: {fileID: 0}
    - target: {fileID: 4923599329787998, guid: ac0c0b6f824022e46b584857c2b367d7, type: 2}
      propertyPath: m_LocalRotation.w
      value: 1
      objectReference: {fileID: 0}
    - target: {fileID: 4923599329787998, guid: ac0c0b6f824022e46b584857c2b367d7, type: 2}
      propertyPath: m_RootOrder
      value: 1
      objectReference: {fileID: 0}
    m_RemovedComponents: []
  m_ParentPrefab: {fileID: 100100000, guid: ac0c0b6f824022e46b584857c2b367d7, type: 2}
  m_IsPrefabParent: 0
--- !u!1 &353216883
GameObject:
  m_ObjectHideFlags: 0
  m_PrefabParentObject: {fileID: 0}
  m_PrefabInternal: {fileID: 0}
  serializedVersion: 5
  m_Component:
  - component: {fileID: 353216887}
  - component: {fileID: 353216886}
  - component: {fileID: 353216885}
  - component: {fileID: 353216884}
  m_Layer: 5
  m_Name: Canvas
  m_TagString: Untagged
  m_Icon: {fileID: 0}
  m_NavMeshLayer: 0
  m_StaticEditorFlags: 0
  m_IsActive: 1
--- !u!114 &353216884
MonoBehaviour:
  m_ObjectHideFlags: 0
  m_PrefabParentObject: {fileID: 0}
  m_PrefabInternal: {fileID: 0}
  m_GameObject: {fileID: 353216883}
  m_Enabled: 1
  m_EditorHideFlags: 0
  m_Script: {fileID: 1301386320, guid: f70555f144d8491a825f0804e09c671c, type: 3}
  m_Name: 
  m_EditorClassIdentifier: 
  m_IgnoreReversedGraphics: 1
  m_BlockingObjects: 0
  m_BlockingMask:
    serializedVersion: 2
    m_Bits: 4294967295
--- !u!114 &353216885
MonoBehaviour:
  m_ObjectHideFlags: 0
  m_PrefabParentObject: {fileID: 0}
  m_PrefabInternal: {fileID: 0}
  m_GameObject: {fileID: 353216883}
  m_Enabled: 1
  m_EditorHideFlags: 0
  m_Script: {fileID: 1980459831, guid: f70555f144d8491a825f0804e09c671c, type: 3}
  m_Name: 
  m_EditorClassIdentifier: 
  m_UiScaleMode: 0
  m_ReferencePixelsPerUnit: 100
  m_ScaleFactor: 1
  m_ReferenceResolution: {x: 800, y: 600}
  m_ScreenMatchMode: 0
  m_MatchWidthOrHeight: 0
  m_PhysicalUnit: 3
  m_FallbackScreenDPI: 96
  m_DefaultSpriteDPI: 96
  m_DynamicPixelsPerUnit: 1
--- !u!223 &353216886
Canvas:
  m_ObjectHideFlags: 0
  m_PrefabParentObject: {fileID: 0}
  m_PrefabInternal: {fileID: 0}
  m_GameObject: {fileID: 353216883}
  m_Enabled: 1
  serializedVersion: 2
  m_RenderMode: 0
  m_Camera: {fileID: 0}
  m_PlaneDistance: 100
  m_PixelPerfect: 0
  m_ReceivesEvents: 1
  m_OverrideSorting: 0
  m_OverridePixelPerfect: 0
  m_SortingBucketNormalizedSize: 0
  m_SortingLayerID: 0
  m_SortingOrder: 0
  m_TargetDisplay: 0
--- !u!224 &353216887
RectTransform:
  m_ObjectHideFlags: 0
  m_PrefabParentObject: {fileID: 0}
  m_PrefabInternal: {fileID: 0}
  m_GameObject: {fileID: 353216883}
  m_LocalRotation: {x: 0, y: 0, z: 0, w: 1}
  m_LocalPosition: {x: 0, y: 0, z: 0}
  m_LocalScale: {x: 0, y: 0, z: 0}
  m_Children:
  - {fileID: 504094694}
  m_Father: {fileID: 0}
  m_RootOrder: 20
  m_LocalEulerAnglesHint: {x: 0, y: 0, z: 0}
  m_AnchorMin: {x: 0, y: 0}
  m_AnchorMax: {x: 0, y: 0}
  m_AnchoredPosition: {x: 0, y: 0}
  m_SizeDelta: {x: 0, y: 0}
  m_Pivot: {x: 0, y: 0}
--- !u!1001 &421464025
Prefab:
  m_ObjectHideFlags: 0
  serializedVersion: 2
  m_Modification:
    m_TransformParent: {fileID: 353216887}
    m_Modifications:
    - target: {fileID: 224893794059268650, guid: a1a449ede92a24591b6d70fff5f16638,
        type: 2}
      propertyPath: m_LocalPosition.x
      value: 0
      objectReference: {fileID: 0}
    - target: {fileID: 224893794059268650, guid: a1a449ede92a24591b6d70fff5f16638,
        type: 2}
      propertyPath: m_LocalPosition.y
      value: 0
      objectReference: {fileID: 0}
    - target: {fileID: 224893794059268650, guid: a1a449ede92a24591b6d70fff5f16638,
        type: 2}
      propertyPath: m_LocalPosition.z
      value: 0
      objectReference: {fileID: 0}
    - target: {fileID: 224893794059268650, guid: a1a449ede92a24591b6d70fff5f16638,
        type: 2}
      propertyPath: m_LocalRotation.x
      value: 0
      objectReference: {fileID: 0}
    - target: {fileID: 224893794059268650, guid: a1a449ede92a24591b6d70fff5f16638,
        type: 2}
      propertyPath: m_LocalRotation.y
      value: 0
      objectReference: {fileID: 0}
    - target: {fileID: 224893794059268650, guid: a1a449ede92a24591b6d70fff5f16638,
        type: 2}
      propertyPath: m_LocalRotation.z
      value: 0
      objectReference: {fileID: 0}
    - target: {fileID: 224893794059268650, guid: a1a449ede92a24591b6d70fff5f16638,
        type: 2}
      propertyPath: m_LocalRotation.w
      value: 1
      objectReference: {fileID: 0}
    - target: {fileID: 224893794059268650, guid: a1a449ede92a24591b6d70fff5f16638,
        type: 2}
      propertyPath: m_RootOrder
      value: 0
      objectReference: {fileID: 0}
    - target: {fileID: 224893794059268650, guid: a1a449ede92a24591b6d70fff5f16638,
        type: 2}
      propertyPath: m_AnchoredPosition.x
      value: 0
      objectReference: {fileID: 0}
    - target: {fileID: 224893794059268650, guid: a1a449ede92a24591b6d70fff5f16638,
        type: 2}
      propertyPath: m_AnchoredPosition.y
      value: 0
      objectReference: {fileID: 0}
    - target: {fileID: 224893794059268650, guid: a1a449ede92a24591b6d70fff5f16638,
        type: 2}
      propertyPath: m_SizeDelta.x
      value: 0
      objectReference: {fileID: 0}
    - target: {fileID: 224893794059268650, guid: a1a449ede92a24591b6d70fff5f16638,
        type: 2}
      propertyPath: m_SizeDelta.y
      value: 0
      objectReference: {fileID: 0}
    - target: {fileID: 224893794059268650, guid: a1a449ede92a24591b6d70fff5f16638,
        type: 2}
      propertyPath: m_AnchorMin.x
      value: 0
      objectReference: {fileID: 0}
    - target: {fileID: 224893794059268650, guid: a1a449ede92a24591b6d70fff5f16638,
        type: 2}
      propertyPath: m_AnchorMin.y
      value: 0
      objectReference: {fileID: 0}
    - target: {fileID: 224893794059268650, guid: a1a449ede92a24591b6d70fff5f16638,
        type: 2}
      propertyPath: m_AnchorMax.x
      value: 1
      objectReference: {fileID: 0}
    - target: {fileID: 224893794059268650, guid: a1a449ede92a24591b6d70fff5f16638,
        type: 2}
      propertyPath: m_AnchorMax.y
      value: 1
      objectReference: {fileID: 0}
    - target: {fileID: 224893794059268650, guid: a1a449ede92a24591b6d70fff5f16638,
        type: 2}
      propertyPath: m_Pivot.x
      value: 0.5
      objectReference: {fileID: 0}
    - target: {fileID: 224893794059268650, guid: a1a449ede92a24591b6d70fff5f16638,
        type: 2}
      propertyPath: m_Pivot.y
      value: 0.5
      objectReference: {fileID: 0}
    m_RemovedComponents: []
  m_ParentPrefab: {fileID: 100100000, guid: a1a449ede92a24591b6d70fff5f16638, type: 2}
  m_IsPrefabParent: 0
--- !u!1001 &445877258
Prefab:
  m_ObjectHideFlags: 0
  serializedVersion: 2
  m_Modification:
    m_TransformParent: {fileID: 0}
    m_Modifications:
    - target: {fileID: 4957328837515836, guid: e07139e9f89d9034bac98dac961a8266, type: 2}
      propertyPath: m_LocalPosition.x
      value: -5.85
      objectReference: {fileID: 0}
    - target: {fileID: 4957328837515836, guid: e07139e9f89d9034bac98dac961a8266, type: 2}
      propertyPath: m_LocalPosition.y
      value: 1.13
      objectReference: {fileID: 0}
    - target: {fileID: 4957328837515836, guid: e07139e9f89d9034bac98dac961a8266, type: 2}
      propertyPath: m_LocalPosition.z
      value: 3.23
      objectReference: {fileID: 0}
    - target: {fileID: 4957328837515836, guid: e07139e9f89d9034bac98dac961a8266, type: 2}
      propertyPath: m_LocalRotation.x
      value: 0
      objectReference: {fileID: 0}
    - target: {fileID: 4957328837515836, guid: e07139e9f89d9034bac98dac961a8266, type: 2}
      propertyPath: m_LocalRotation.y
      value: 0
      objectReference: {fileID: 0}
    - target: {fileID: 4957328837515836, guid: e07139e9f89d9034bac98dac961a8266, type: 2}
      propertyPath: m_LocalRotation.z
      value: 0
      objectReference: {fileID: 0}
    - target: {fileID: 4957328837515836, guid: e07139e9f89d9034bac98dac961a8266, type: 2}
      propertyPath: m_LocalRotation.w
      value: 1
      objectReference: {fileID: 0}
    - target: {fileID: 4957328837515836, guid: e07139e9f89d9034bac98dac961a8266, type: 2}
      propertyPath: m_RootOrder
      value: 14
      objectReference: {fileID: 0}
    m_RemovedComponents: []
  m_ParentPrefab: {fileID: 100100000, guid: e07139e9f89d9034bac98dac961a8266, type: 2}
  m_IsPrefabParent: 0
--- !u!1001 &454296249
Prefab:
  m_ObjectHideFlags: 0
  serializedVersion: 2
  m_Modification:
    m_TransformParent: {fileID: 0}
    m_Modifications:
    - target: {fileID: 4942622216107620, guid: ebb136d6b3b0f0046980fcffb9229707, type: 2}
      propertyPath: m_LocalPosition.x
      value: -0.73551
      objectReference: {fileID: 0}
    - target: {fileID: 4942622216107620, guid: ebb136d6b3b0f0046980fcffb9229707, type: 2}
      propertyPath: m_LocalPosition.y
      value: 0.13
      objectReference: {fileID: 0}
    - target: {fileID: 4942622216107620, guid: ebb136d6b3b0f0046980fcffb9229707, type: 2}
      propertyPath: m_LocalPosition.z
      value: -2.24
      objectReference: {fileID: 0}
    - target: {fileID: 4942622216107620, guid: ebb136d6b3b0f0046980fcffb9229707, type: 2}
      propertyPath: m_LocalRotation.x
      value: 0
      objectReference: {fileID: 0}
    - target: {fileID: 4942622216107620, guid: ebb136d6b3b0f0046980fcffb9229707, type: 2}
      propertyPath: m_LocalRotation.y
      value: -0
      objectReference: {fileID: 0}
    - target: {fileID: 4942622216107620, guid: ebb136d6b3b0f0046980fcffb9229707, type: 2}
      propertyPath: m_LocalRotation.z
      value: -0
      objectReference: {fileID: 0}
    - target: {fileID: 4942622216107620, guid: ebb136d6b3b0f0046980fcffb9229707, type: 2}
      propertyPath: m_LocalRotation.w
      value: 1
      objectReference: {fileID: 0}
    - target: {fileID: 4942622216107620, guid: ebb136d6b3b0f0046980fcffb9229707, type: 2}
      propertyPath: m_RootOrder
      value: 5
      objectReference: {fileID: 0}
    m_RemovedComponents: []
  m_ParentPrefab: {fileID: 100100000, guid: ebb136d6b3b0f0046980fcffb9229707, type: 2}
  m_IsPrefabParent: 0
--- !u!224 &504094694 stripped
RectTransform:
  m_PrefabParentObject: {fileID: 224893794059268650, guid: a1a449ede92a24591b6d70fff5f16638,
    type: 2}
  m_PrefabInternal: {fileID: 421464025}
--- !u!1001 &509357579
Prefab:
  m_ObjectHideFlags: 0
  serializedVersion: 2
  m_Modification:
    m_TransformParent: {fileID: 0}
    m_Modifications:
    - target: {fileID: 4995796651255384, guid: 88944c299df2796439b800475984f669, type: 2}
      propertyPath: m_LocalPosition.x
      value: -5.85
      objectReference: {fileID: 0}
    - target: {fileID: 4995796651255384, guid: 88944c299df2796439b800475984f669, type: 2}
      propertyPath: m_LocalPosition.y
      value: 1.24
      objectReference: {fileID: 0}
    - target: {fileID: 4995796651255384, guid: 88944c299df2796439b800475984f669, type: 2}
      propertyPath: m_LocalPosition.z
      value: 3.84
      objectReference: {fileID: 0}
    - target: {fileID: 4995796651255384, guid: 88944c299df2796439b800475984f669, type: 2}
      propertyPath: m_LocalRotation.x
      value: 0.000000081460335
      objectReference: {fileID: 0}
    - target: {fileID: 4995796651255384, guid: 88944c299df2796439b800475984f669, type: 2}
      propertyPath: m_LocalRotation.y
      value: 0
      objectReference: {fileID: 0}
    - target: {fileID: 4995796651255384, guid: 88944c299df2796439b800475984f669, type: 2}
      propertyPath: m_LocalRotation.z
      value: -0
      objectReference: {fileID: 0}
    - target: {fileID: 4995796651255384, guid: 88944c299df2796439b800475984f669, type: 2}
      propertyPath: m_LocalRotation.w
      value: 1
      objectReference: {fileID: 0}
    - target: {fileID: 4995796651255384, guid: 88944c299df2796439b800475984f669, type: 2}
      propertyPath: m_RootOrder
      value: 13
      objectReference: {fileID: 0}
    m_RemovedComponents: []
  m_ParentPrefab: {fileID: 100100000, guid: 88944c299df2796439b800475984f669, type: 2}
  m_IsPrefabParent: 0
--- !u!1001 &740548552
Prefab:
  m_ObjectHideFlags: 0
  serializedVersion: 2
  m_Modification:
    m_TransformParent: {fileID: 0}
    m_Modifications:
    - target: {fileID: 4931318192464726, guid: 98910b4cdb947514da5de87ea40e0f2c, type: 2}
      propertyPath: m_LocalPosition.x
      value: 11.3
      objectReference: {fileID: 0}
    - target: {fileID: 4931318192464726, guid: 98910b4cdb947514da5de87ea40e0f2c, type: 2}
      propertyPath: m_LocalPosition.y
      value: 1
      objectReference: {fileID: 0}
    - target: {fileID: 4931318192464726, guid: 98910b4cdb947514da5de87ea40e0f2c, type: 2}
      propertyPath: m_LocalPosition.z
      value: -1.26
      objectReference: {fileID: 0}
    - target: {fileID: 4931318192464726, guid: 98910b4cdb947514da5de87ea40e0f2c, type: 2}
      propertyPath: m_LocalRotation.x
      value: 0
      objectReference: {fileID: 0}
    - target: {fileID: 4931318192464726, guid: 98910b4cdb947514da5de87ea40e0f2c, type: 2}
      propertyPath: m_LocalRotation.y
      value: 0.7071068
      objectReference: {fileID: 0}
    - target: {fileID: 4931318192464726, guid: 98910b4cdb947514da5de87ea40e0f2c, type: 2}
      propertyPath: m_LocalRotation.z
      value: -0
      objectReference: {fileID: 0}
    - target: {fileID: 4931318192464726, guid: 98910b4cdb947514da5de87ea40e0f2c, type: 2}
      propertyPath: m_LocalRotation.w
      value: -0.7071068
      objectReference: {fileID: 0}
    - target: {fileID: 4931318192464726, guid: 98910b4cdb947514da5de87ea40e0f2c, type: 2}
      propertyPath: m_RootOrder
      value: 8
      objectReference: {fileID: 0}
    - target: {fileID: 1716951544138142, guid: 98910b4cdb947514da5de87ea40e0f2c, type: 2}
      propertyPath: m_IsActive
      value: 1
      objectReference: {fileID: 0}
    - target: {fileID: 4931318192464726, guid: 98910b4cdb947514da5de87ea40e0f2c, type: 2}
      propertyPath: m_LocalEulerAnglesHint.y
      value: 270
      objectReference: {fileID: 0}
    m_RemovedComponents: []
  m_ParentPrefab: {fileID: 100100000, guid: 98910b4cdb947514da5de87ea40e0f2c, type: 2}
  m_IsPrefabParent: 0
--- !u!1 &819090241 stripped
GameObject:
  m_PrefabParentObject: {fileID: 197050, guid: 6f897a4366645d449bcf625ec2d02ebe, type: 2}
  m_PrefabInternal: {fileID: 197849728}
--- !u!114 &819090244
MonoBehaviour:
  m_ObjectHideFlags: 0
  m_PrefabParentObject: {fileID: 0}
  m_PrefabInternal: {fileID: 0}
  m_GameObject: {fileID: 819090241}
  m_Enabled: 1
  m_EditorHideFlags: 0
  m_Script: {fileID: 11500000, guid: 2347c4a595fa21140a83af7db855ab23, type: 3}
  m_Name: 
  m_EditorClassIdentifier: 
  HP: 100
--- !u!54 &819090245
Rigidbody:
  m_ObjectHideFlags: 0
  m_PrefabParentObject: {fileID: 0}
  m_PrefabInternal: {fileID: 0}
  m_GameObject: {fileID: 819090241}
  serializedVersion: 2
  m_Mass: 1
  m_Drag: 0
  m_AngularDrag: 0.05
  m_UseGravity: 1
  m_IsKinematic: 0
  m_Interpolate: 0
  m_Constraints: 0
  m_CollisionDetection: 0
--- !u!1 &848519310 stripped
GameObject:
  m_PrefabParentObject: {fileID: 177290, guid: 6f897a4366645d449bcf625ec2d02ebe, type: 2}
  m_PrefabInternal: {fileID: 197849728}
--- !u!65 &848519311
BoxCollider:
  m_ObjectHideFlags: 0
  m_PrefabParentObject: {fileID: 0}
  m_PrefabInternal: {fileID: 0}
  m_GameObject: {fileID: 848519310}
  m_Material: {fileID: 0}
  m_IsTrigger: 0
  m_Enabled: 1
  serializedVersion: 2
  m_Size: {x: 0.23311819, y: 0.408075, z: 0.2524996}
  m_Center: {x: -0.0021251715, y: -0.1618121, z: 0.0076559787}
--- !u!1 &916799241 stripped
GameObject:
  m_PrefabParentObject: {fileID: 104208, guid: 6f897a4366645d449bcf625ec2d02ebe, type: 2}
  m_PrefabInternal: {fileID: 197849728}
--- !u!65 &916799242
BoxCollider:
  m_ObjectHideFlags: 0
  m_PrefabParentObject: {fileID: 0}
  m_PrefabInternal: {fileID: 0}
  m_GameObject: {fileID: 916799241}
  m_Material: {fileID: 0}
  m_IsTrigger: 0
  m_Enabled: 1
  serializedVersion: 2
  m_Size: {x: 0.15207677, y: 0.2717572, z: 0.14630155}
  m_Center: {x: 0.015692249, y: 0.07118382, z: -0.019820087}
--- !u!1 &935712402 stripped
GameObject:
  m_PrefabParentObject: {fileID: 112358, guid: 6f897a4366645d449bcf625ec2d02ebe, type: 2}
  m_PrefabInternal: {fileID: 197849728}
--- !u!65 &935712403
BoxCollider:
  m_ObjectHideFlags: 0
  m_PrefabParentObject: {fileID: 0}
  m_PrefabInternal: {fileID: 0}
  m_GameObject: {fileID: 935712402}
  m_Material: {fileID: 0}
  m_IsTrigger: 0
  m_Enabled: 1
  serializedVersion: 2
  m_Size: {x: 0.13745725, y: 0.55990547, z: 0.25563723}
  m_Center: {x: -0.033035778, y: 0.22008783, z: -0.041570824}
--- !u!1 &959318264 stripped
GameObject:
  m_PrefabParentObject: {fileID: 179672, guid: 6f897a4366645d449bcf625ec2d02ebe, type: 2}
  m_PrefabInternal: {fileID: 197849728}
--- !u!65 &959318265
BoxCollider:
  m_ObjectHideFlags: 0
  m_PrefabParentObject: {fileID: 0}
  m_PrefabInternal: {fileID: 0}
  m_GameObject: {fileID: 959318264}
  m_Material: {fileID: 0}
  m_IsTrigger: 0
  m_Enabled: 1
  serializedVersion: 2
  m_Size: {x: 0.15026462, y: 0.55990547, z: 0.25563663}
  m_Center: {x: -0.00042194402, y: 0.2200851, z: -0.04156093}
--- !u!1001 &971038985
Prefab:
  m_ObjectHideFlags: 0
  serializedVersion: 2
  m_Modification:
    m_TransformParent: {fileID: 0}
    m_Modifications:
    - target: {fileID: 400014, guid: 06cff0f24d5664781859b6da3e421fa4, type: 2}
      propertyPath: m_LocalPosition.x
      value: -15.452337
      objectReference: {fileID: 0}
    - target: {fileID: 400014, guid: 06cff0f24d5664781859b6da3e421fa4, type: 2}
      propertyPath: m_LocalPosition.y
      value: -4.9419608e-17
      objectReference: {fileID: 0}
    - target: {fileID: 400014, guid: 06cff0f24d5664781859b6da3e421fa4, type: 2}
      propertyPath: m_LocalPosition.z
      value: 2.2256613
      objectReference: {fileID: 0}
    - target: {fileID: 400014, guid: 06cff0f24d5664781859b6da3e421fa4, type: 2}
      propertyPath: m_LocalRotation.x
      value: 0
      objectReference: {fileID: 0}
    - target: {fileID: 400014, guid: 06cff0f24d5664781859b6da3e421fa4, type: 2}
      propertyPath: m_LocalRotation.y
      value: 0
      objectReference: {fileID: 0}
    - target: {fileID: 400014, guid: 06cff0f24d5664781859b6da3e421fa4, type: 2}
      propertyPath: m_LocalRotation.z
      value: 0
      objectReference: {fileID: 0}
    - target: {fileID: 400014, guid: 06cff0f24d5664781859b6da3e421fa4, type: 2}
      propertyPath: m_LocalRotation.w
      value: 1
      objectReference: {fileID: 0}
    - target: {fileID: 400014, guid: 06cff0f24d5664781859b6da3e421fa4, type: 2}
      propertyPath: m_RootOrder
      value: 3
      objectReference: {fileID: 0}
    m_RemovedComponents: []
  m_ParentPrefab: {fileID: 100100000, guid: 06cff0f24d5664781859b6da3e421fa4, type: 2}
  m_IsPrefabParent: 0
--- !u!1001 &1079498243
Prefab:
  m_ObjectHideFlags: 0
  serializedVersion: 2
  m_Modification:
    m_TransformParent: {fileID: 0}
    m_Modifications:
    - target: {fileID: 400108, guid: 7d3425a6c7317e048be11c2ff72db69e, type: 3}
      propertyPath: m_LocalPosition.x
      value: 4.4729314
      objectReference: {fileID: 0}
    - target: {fileID: 400108, guid: 7d3425a6c7317e048be11c2ff72db69e, type: 3}
      propertyPath: m_LocalPosition.y
      value: 0
      objectReference: {fileID: 0}
    - target: {fileID: 400108, guid: 7d3425a6c7317e048be11c2ff72db69e, type: 3}
      propertyPath: m_LocalPosition.z
      value: -4.594382
      objectReference: {fileID: 0}
    - target: {fileID: 400108, guid: 7d3425a6c7317e048be11c2ff72db69e, type: 3}
      propertyPath: m_LocalRotation.x
      value: -0
      objectReference: {fileID: 0}
    - target: {fileID: 400108, guid: 7d3425a6c7317e048be11c2ff72db69e, type: 3}
      propertyPath: m_LocalRotation.y
      value: -0.99953014
      objectReference: {fileID: 0}
    - target: {fileID: 400108, guid: 7d3425a6c7317e048be11c2ff72db69e, type: 3}
      propertyPath: m_LocalRotation.z
      value: -0
      objectReference: {fileID: 0}
    - target: {fileID: 400108, guid: 7d3425a6c7317e048be11c2ff72db69e, type: 3}
      propertyPath: m_LocalRotation.w
      value: 0.030652976
      objectReference: {fileID: 0}
    - target: {fileID: 400108, guid: 7d3425a6c7317e048be11c2ff72db69e, type: 3}
      propertyPath: m_RootOrder
      value: 7
      objectReference: {fileID: 0}
    - target: {fileID: 400108, guid: 7d3425a6c7317e048be11c2ff72db69e, type: 3}
      propertyPath: m_LocalEulerAnglesHint.y
      value: -176.48701
      objectReference: {fileID: 0}
    m_RemovedComponents: []
  m_ParentPrefab: {fileID: 100100000, guid: 7d3425a6c7317e048be11c2ff72db69e, type: 3}
  m_IsPrefabParent: 0
--- !u!1 &1229217008 stripped
GameObject:
  m_PrefabParentObject: {fileID: 152556, guid: 6f897a4366645d449bcf625ec2d02ebe, type: 2}
  m_PrefabInternal: {fileID: 197849728}
--- !u!65 &1229217009
BoxCollider:
  m_ObjectHideFlags: 0
  m_PrefabParentObject: {fileID: 0}
  m_PrefabInternal: {fileID: 0}
  m_GameObject: {fileID: 1229217008}
  m_Material: {fileID: 0}
  m_IsTrigger: 0
  m_Enabled: 1
  serializedVersion: 2
  m_Size: {x: 0.2167966, y: 0.46629027, z: 0.10472109}
  m_Center: {x: -0.050132904, y: 0.26689702, z: -0.058809783}
--- !u!1001 &1234378345
Prefab:
  m_ObjectHideFlags: 0
  serializedVersion: 2
  m_Modification:
    m_TransformParent: {fileID: 0}
    m_Modifications:
    - target: {fileID: 400096, guid: 957365f2c90b1fc42ad8e63820b1a6b8, type: 3}
      propertyPath: m_LocalPosition.x
      value: 6.5085306
      objectReference: {fileID: 0}
    - target: {fileID: 400096, guid: 957365f2c90b1fc42ad8e63820b1a6b8, type: 3}
      propertyPath: m_LocalPosition.y
      value: 5.2952222e-17
      objectReference: {fileID: 0}
    - target: {fileID: 400096, guid: 957365f2c90b1fc42ad8e63820b1a6b8, type: 3}
      propertyPath: m_LocalPosition.z
      value: -2.384756
      objectReference: {fileID: 0}
    - target: {fileID: 400096, guid: 957365f2c90b1fc42ad8e63820b1a6b8, type: 3}
      propertyPath: m_LocalRotation.x
      value: 0
      objectReference: {fileID: 0}
    - target: {fileID: 400096, guid: 957365f2c90b1fc42ad8e63820b1a6b8, type: 3}
      propertyPath: m_LocalRotation.y
      value: 0
      objectReference: {fileID: 0}
    - target: {fileID: 400096, guid: 957365f2c90b1fc42ad8e63820b1a6b8, type: 3}
      propertyPath: m_LocalRotation.z
      value: 0
      objectReference: {fileID: 0}
    - target: {fileID: 400096, guid: 957365f2c90b1fc42ad8e63820b1a6b8, type: 3}
      propertyPath: m_LocalRotation.w
      value: 1
      objectReference: {fileID: 0}
    - target: {fileID: 400096, guid: 957365f2c90b1fc42ad8e63820b1a6b8, type: 3}
      propertyPath: m_RootOrder
      value: 2
      objectReference: {fileID: 0}
    - target: {fileID: 100096, guid: 957365f2c90b1fc42ad8e63820b1a6b8, type: 3}
      propertyPath: m_Name
      value: Robotshootyfunctional
      objectReference: {fileID: 0}
    - target: {fileID: 9500000, guid: 957365f2c90b1fc42ad8e63820b1a6b8, type: 3}
      propertyPath: m_Controller
      value: 
      objectReference: {fileID: 9100000, guid: b10e78afdffdb1d49a391388cbd6d338, type: 2}
    m_RemovedComponents: []
  m_ParentPrefab: {fileID: 100100000, guid: 957365f2c90b1fc42ad8e63820b1a6b8, type: 3}
  m_IsPrefabParent: 0
--- !u!1 &1261120225
GameObject:
  m_ObjectHideFlags: 0
  m_PrefabParentObject: {fileID: 0}
  m_PrefabInternal: {fileID: 0}
  serializedVersion: 5
  m_Component:
  - component: {fileID: 1261120230}
  - component: {fileID: 1261120229}
  - component: {fileID: 1261120228}
  - component: {fileID: 1261120227}
  - component: {fileID: 1261120226}
  m_Layer: 0
  m_Name: Cube
  m_TagString: Untagged
  m_Icon: {fileID: 0}
  m_NavMeshLayer: 0
  m_StaticEditorFlags: 0
  m_IsActive: 1
--- !u!114 &1261120226
MonoBehaviour:
  m_ObjectHideFlags: 0
  m_PrefabParentObject: {fileID: 0}
  m_PrefabInternal: {fileID: 0}
  m_GameObject: {fileID: 1261120225}
  m_Enabled: 1
  m_EditorHideFlags: 0
  m_Script: {fileID: 11500000, guid: 998d5d8d070f0834a896c90993fb1277, type: 3}
  m_Name: 
  m_EditorClassIdentifier: 
  firingoncooldown: 0
  firingtimer: 0
  danio: 10
  magazine: 25
  reloadcooldown: 0
  reloading: 0
  taimstu: 0
  running: 0
--- !u!23 &1261120227
MeshRenderer:
  m_ObjectHideFlags: 0
  m_PrefabParentObject: {fileID: 0}
  m_PrefabInternal: {fileID: 0}
  m_GameObject: {fileID: 1261120225}
  m_Enabled: 1
  m_CastShadows: 1
  m_ReceiveShadows: 1
  m_MotionVectors: 1
  m_LightProbeUsage: 1
  m_ReflectionProbeUsage: 1
  m_Materials:
  - {fileID: 10303, guid: 0000000000000000f000000000000000, type: 0}
  m_StaticBatchInfo:
    firstSubMesh: 0
    subMeshCount: 0
  m_StaticBatchRoot: {fileID: 0}
  m_ProbeAnchor: {fileID: 0}
  m_LightProbeVolumeOverride: {fileID: 0}
  m_ScaleInLightmap: 1
  m_PreserveUVs: 1
  m_IgnoreNormalsForChartDetection: 0
  m_ImportantGI: 0
  m_SelectedEditorRenderState: 3
  m_MinimumChartSize: 4
  m_AutoUVMaxDistance: 0.5
  m_AutoUVMaxAngle: 89
  m_LightmapParameters: {fileID: 0}
  m_SortingLayerID: 0
  m_SortingOrder: 0
--- !u!65 &1261120228
BoxCollider:
  m_ObjectHideFlags: 0
  m_PrefabParentObject: {fileID: 0}
  m_PrefabInternal: {fileID: 0}
  m_GameObject: {fileID: 1261120225}
  m_Material: {fileID: 0}
  m_IsTrigger: 0
  m_Enabled: 1
  serializedVersion: 2
  m_Size: {x: 1, y: 1, z: 1}
  m_Center: {x: 0, y: 0, z: 0}
--- !u!33 &1261120229
MeshFilter:
  m_ObjectHideFlags: 0
  m_PrefabParentObject: {fileID: 0}
  m_PrefabInternal: {fileID: 0}
  m_GameObject: {fileID: 1261120225}
  m_Mesh: {fileID: 10202, guid: 0000000000000000e000000000000000, type: 0}
--- !u!4 &1261120230
Transform:
  m_ObjectHideFlags: 0
  m_PrefabParentObject: {fileID: 0}
  m_PrefabInternal: {fileID: 0}
  m_GameObject: {fileID: 1261120225}
  m_LocalRotation: {x: 0, y: 0, z: 0, w: 1}
  m_LocalPosition: {x: -3.11, y: 0.49, z: 3.5}
  m_LocalScale: {x: 1, y: 1, z: 1}
  m_Children: []
  m_Father: {fileID: 0}
  m_RootOrder: 18
  m_LocalEulerAnglesHint: {x: 0, y: 0, z: 0}
--- !u!1 &1351064338 stripped
GameObject:
  m_PrefabParentObject: {fileID: 149670, guid: 6f897a4366645d449bcf625ec2d02ebe, type: 2}
  m_PrefabInternal: {fileID: 197849728}
--- !u!65 &1351064339
BoxCollider:
  m_ObjectHideFlags: 0
  m_PrefabParentObject: {fileID: 0}
  m_PrefabInternal: {fileID: 0}
  m_GameObject: {fileID: 1351064338}
  m_Material: {fileID: 0}
  m_IsTrigger: 0
  m_Enabled: 1
  serializedVersion: 2
  m_Size: {x: 0.21679662, y: 0.4662904, z: 0.19850689}
  m_Center: {x: -0.050127998, y: 0.26688513, z: -0.105704255}
--- !u!1 &1356082710
GameObject:
  m_ObjectHideFlags: 0
  m_PrefabParentObject: {fileID: 0}
  m_PrefabInternal: {fileID: 0}
  serializedVersion: 5
  m_Component:
  - component: {fileID: 1356082711}
  m_Layer: 0
  m_Name: come here
  m_TagString: Untagged
  m_Icon: {fileID: -3701561207968579530, guid: 0000000000000000d000000000000000, type: 0}
  m_NavMeshLayer: 0
  m_StaticEditorFlags: 0
  m_IsActive: 1
--- !u!4 &1356082711
Transform:
  m_ObjectHideFlags: 0
  m_PrefabParentObject: {fileID: 0}
  m_PrefabInternal: {fileID: 0}
  m_GameObject: {fileID: 1356082710}
  m_LocalRotation: {x: 0, y: 0, z: 0, w: 1}
  m_LocalPosition: {x: -15.99, y: 0, z: 0.27}
  m_LocalScale: {x: 1, y: 1, z: 1}
  m_Children: []
  m_Father: {fileID: 0}
  m_RootOrder: 17
  m_LocalEulerAnglesHint: {x: 0, y: 0, z: 0}
--- !u!1001 &1366913558
Prefab:
  m_ObjectHideFlags: 0
  serializedVersion: 2
  m_Modification:
    m_TransformParent: {fileID: 0}
    m_Modifications:
    - target: {fileID: 400014, guid: 6cf43160d897deb4a946f0fe503eac40, type: 3}
      propertyPath: m_LocalPosition.x
      value: 1.35
      objectReference: {fileID: 0}
    - target: {fileID: 400014, guid: 6cf43160d897deb4a946f0fe503eac40, type: 3}
      propertyPath: m_LocalPosition.y
      value: -1.81
      objectReference: {fileID: 0}
    - target: {fileID: 400014, guid: 6cf43160d897deb4a946f0fe503eac40, type: 3}
      propertyPath: m_LocalPosition.z
      value: 15.15
      objectReference: {fileID: 0}
    - target: {fileID: 400014, guid: 6cf43160d897deb4a946f0fe503eac40, type: 3}
      propertyPath: m_LocalRotation.x
      value: -0.7071068
      objectReference: {fileID: 0}
    - target: {fileID: 400014, guid: 6cf43160d897deb4a946f0fe503eac40, type: 3}
      propertyPath: m_LocalRotation.y
      value: 0
      objectReference: {fileID: 0}
    - target: {fileID: 400014, guid: 6cf43160d897deb4a946f0fe503eac40, type: 3}
      propertyPath: m_LocalRotation.z
      value: -0
      objectReference: {fileID: 0}
    - target: {fileID: 400014, guid: 6cf43160d897deb4a946f0fe503eac40, type: 3}
      propertyPath: m_LocalRotation.w
      value: 0.7071067
      objectReference: {fileID: 0}
    - target: {fileID: 400014, guid: 6cf43160d897deb4a946f0fe503eac40, type: 3}
      propertyPath: m_RootOrder
      value: 10
      objectReference: {fileID: 0}
    m_RemovedComponents: []
  m_ParentPrefab: {fileID: 100100000, guid: 6cf43160d897deb4a946f0fe503eac40, type: 3}
  m_IsPrefabParent: 0
--- !u!1 &1390777490 stripped
GameObject:
  m_PrefabParentObject: {fileID: 199110, guid: 6f897a4366645d449bcf625ec2d02ebe, type: 2}
  m_PrefabInternal: {fileID: 197849728}
--- !u!136 &1390777491
CapsuleCollider:
  m_ObjectHideFlags: 0
  m_PrefabParentObject: {fileID: 0}
  m_PrefabInternal: {fileID: 0}
  m_GameObject: {fileID: 1390777490}
  m_Material: {fileID: 0}
  m_IsTrigger: 0
  m_Enabled: 1
  m_Radius: 0.123967774
  m_Height: 0.00001
  m_Direction: 1
  m_Center: {x: 0, y: 0.09, z: 0.12}
--- !u!114 &1390777492
MonoBehaviour:
  m_ObjectHideFlags: 0
  m_PrefabParentObject: {fileID: 0}
  m_PrefabInternal: {fileID: 0}
  m_GameObject: {fileID: 1390777490}
  m_Enabled: 1
  m_EditorHideFlags: 0
  m_Script: {fileID: 11500000, guid: 4cf59b7a7621df544956019a65db233c, type: 3}
  m_Name: 
  m_EditorClassIdentifier: 
  fuckingplease: 0
--- !u!1 &1485530566 stripped
GameObject:
  m_PrefabParentObject: {fileID: 1665393401998068, guid: e07139e9f89d9034bac98dac961a8266,
    type: 2}
  m_PrefabInternal: {fileID: 1770968370}
--- !u!95 &1485530568
Animator:
  serializedVersion: 3
  m_ObjectHideFlags: 0
  m_PrefabParentObject: {fileID: 0}
  m_PrefabInternal: {fileID: 0}
  m_GameObject: {fileID: 1485530566}
  m_Enabled: 1
  m_Avatar: {fileID: 0}
  m_Controller: {fileID: 9100000, guid: 91d7d056dd1065a4d8c415df4d5e5888, type: 2}
  m_CullingMode: 0
  m_UpdateMode: 0
  m_ApplyRootMotion: 0
  m_LinearVelocityBlending: 0
  m_WarningMessage: 
  m_HasTransformHierarchy: 1
  m_AllowConstantClipSamplingOptimization: 1
--- !u!1 &1643462174 stripped
GameObject:
  m_PrefabParentObject: {fileID: 163724, guid: 6f897a4366645d449bcf625ec2d02ebe, type: 2}
  m_PrefabInternal: {fileID: 197849728}
--- !u!65 &1643462175
BoxCollider:
  m_ObjectHideFlags: 0
  m_PrefabParentObject: {fileID: 0}
  m_PrefabInternal: {fileID: 0}
  m_GameObject: {fileID: 1643462174}
  m_Material: {fileID: 0}
  m_IsTrigger: 0
  m_Enabled: 1
  serializedVersion: 2
  m_Size: {x: 0.1694103, y: 0.3589804, z: 0.14045101}
  m_Center: {x: -0.008794145, y: 0.15947518, z: 0.0010971167}
--- !u!1 &1662534714 stripped
GameObject:
  m_PrefabParentObject: {fileID: 121102, guid: 6f897a4366645d449bcf625ec2d02ebe, type: 2}
  m_PrefabInternal: {fileID: 197849728}
--- !u!65 &1662534715
BoxCollider:
  m_ObjectHideFlags: 0
  m_PrefabParentObject: {fileID: 0}
  m_PrefabInternal: {fileID: 0}
  m_GameObject: {fileID: 1662534714}
  m_Material: {fileID: 0}
  m_IsTrigger: 0
  m_Enabled: 1
  serializedVersion: 2
  m_Size: {x: 0.12171543, y: 0.19691671, z: 0.10319553}
  m_Center: {x: -0.026235133, y: 0.10663758, z: -0.018077644}
--- !u!1 &1706605219
GameObject:
  m_ObjectHideFlags: 0
  m_PrefabParentObject: {fileID: 0}
  m_PrefabInternal: {fileID: 0}
  serializedVersion: 5
  m_Component:
  - component: {fileID: 1706605224}
  - component: {fileID: 1706605223}
  - component: {fileID: 1706605222}
  - component: {fileID: 1706605221}
  - component: {fileID: 1706605220}
  - component: {fileID: 1706605225}
  m_Layer: 0
  m_Name: Main Camera
  m_TagString: MainCamera
  m_Icon: {fileID: 0}
  m_NavMeshLayer: 0
  m_StaticEditorFlags: 0
  m_IsActive: 0
--- !u!81 &1706605220
AudioListener:
  m_ObjectHideFlags: 0
  m_PrefabParentObject: {fileID: 0}
  m_PrefabInternal: {fileID: 0}
  m_GameObject: {fileID: 1706605219}
  m_Enabled: 1
--- !u!124 &1706605221
Behaviour:
  m_ObjectHideFlags: 0
  m_PrefabParentObject: {fileID: 0}
  m_PrefabInternal: {fileID: 0}
  m_GameObject: {fileID: 1706605219}
  m_Enabled: 1
--- !u!92 &1706605222
Behaviour:
  m_ObjectHideFlags: 0
  m_PrefabParentObject: {fileID: 0}
  m_PrefabInternal: {fileID: 0}
  m_GameObject: {fileID: 1706605219}
  m_Enabled: 1
--- !u!20 &1706605223
Camera:
  m_ObjectHideFlags: 0
  m_PrefabParentObject: {fileID: 0}
  m_PrefabInternal: {fileID: 0}
  m_GameObject: {fileID: 1706605219}
  m_Enabled: 1
  serializedVersion: 2
  m_ClearFlags: 1
  m_BackGroundColor: {r: 0.19215687, g: 0.3019608, b: 0.4745098, a: 0}
  m_NormalizedViewPortRect:
    serializedVersion: 2
    x: 0
    y: 0
    width: 1
    height: 1
  near clip plane: 0.3
  far clip plane: 1000
  field of view: 60
  orthographic: 0
  orthographic size: 5
  m_Depth: -1
  m_CullingMask:
    serializedVersion: 2
    m_Bits: 4294967295
  m_RenderingPath: -1
  m_TargetTexture: {fileID: 0}
  m_TargetDisplay: 0
  m_TargetEye: 3
  m_HDR: 0
  m_OcclusionCulling: 1
  m_StereoConvergence: 10
  m_StereoSeparation: 0.022
  m_StereoMirrorMode: 0
--- !u!4 &1706605224
Transform:
  m_ObjectHideFlags: 0
  m_PrefabParentObject: {fileID: 0}
  m_PrefabInternal: {fileID: 0}
  m_GameObject: {fileID: 1706605219}
  m_LocalRotation: {x: -0.0037728762, y: 0.9884105, z: -0.14969964, w: -0.024914304}
  m_LocalPosition: {x: 0.98096526, y: 0.61582613, z: 5.253996}
  m_LocalScale: {x: 1, y: 1, z: 1}
  m_Children: []
  m_Father: {fileID: 0}
  m_RootOrder: 0
  m_LocalEulerAnglesHint: {x: 0, y: 0, z: 0}
--- !u!45 &1706605225
Skybox:
  m_ObjectHideFlags: 0
  m_PrefabParentObject: {fileID: 0}
  m_PrefabInternal: {fileID: 0}
  m_GameObject: {fileID: 1706605219}
  m_Enabled: 0
  m_CustomSkybox: {fileID: 2100000, guid: e23355398ab5c894bb098076be6ddc6a, type: 2}
--- !u!1 &1724727723
GameObject:
  m_ObjectHideFlags: 0
  m_PrefabParentObject: {fileID: 0}
  m_PrefabInternal: {fileID: 0}
  serializedVersion: 5
  m_Component:
  - component: {fileID: 1724727727}
  - component: {fileID: 1724727726}
  - component: {fileID: 1724727725}
  - component: {fileID: 1724727724}
  m_Layer: 8
  m_Name: Plane
  m_TagString: Untagged
  m_Icon: {fileID: 0}
  m_NavMeshLayer: 0
  m_StaticEditorFlags: 8
  m_IsActive: 1
--- !u!23 &1724727724
MeshRenderer:
  m_ObjectHideFlags: 0
  m_PrefabParentObject: {fileID: 0}
  m_PrefabInternal: {fileID: 0}
  m_GameObject: {fileID: 1724727723}
  m_Enabled: 1
  m_CastShadows: 1
  m_ReceiveShadows: 1
  m_MotionVectors: 1
  m_LightProbeUsage: 1
  m_ReflectionProbeUsage: 1
  m_Materials:
  - {fileID: 2100000, guid: 6fa6d9805117b5a4dac56ad77789ac63, type: 2}
  m_StaticBatchInfo:
    firstSubMesh: 0
    subMeshCount: 0
  m_StaticBatchRoot: {fileID: 0}
  m_ProbeAnchor: {fileID: 0}
  m_LightProbeVolumeOverride: {fileID: 0}
  m_ScaleInLightmap: 1
  m_PreserveUVs: 1
  m_IgnoreNormalsForChartDetection: 0
  m_ImportantGI: 0
  m_SelectedEditorRenderState: 3
  m_MinimumChartSize: 4
  m_AutoUVMaxDistance: 0.5
  m_AutoUVMaxAngle: 89
  m_LightmapParameters: {fileID: 0}
  m_SortingLayerID: 0
  m_SortingOrder: 0
--- !u!64 &1724727725
MeshCollider:
  m_ObjectHideFlags: 0
  m_PrefabParentObject: {fileID: 0}
  m_PrefabInternal: {fileID: 0}
  m_GameObject: {fileID: 1724727723}
  m_Material: {fileID: 0}
  m_IsTrigger: 0
  m_Enabled: 1
  serializedVersion: 2
  m_Convex: 0
  m_InflateMesh: 0
  m_SkinWidth: 0.01
  m_Mesh: {fileID: 10209, guid: 0000000000000000e000000000000000, type: 0}
--- !u!33 &1724727726
MeshFilter:
  m_ObjectHideFlags: 0
  m_PrefabParentObject: {fileID: 0}
  m_PrefabInternal: {fileID: 0}
  m_GameObject: {fileID: 1724727723}
  m_Mesh: {fileID: 10209, guid: 0000000000000000e000000000000000, type: 0}
--- !u!4 &1724727727
Transform:
  m_ObjectHideFlags: 0
  m_PrefabParentObject: {fileID: 0}
  m_PrefabInternal: {fileID: 0}
  m_GameObject: {fileID: 1724727723}
  m_LocalRotation: {x: 0, y: 0, z: 0, w: 1}
  m_LocalPosition: {x: 0, y: 0, z: 0}
  m_LocalScale: {x: 3.7361608, y: 1, z: 1}
  m_Children: []
  m_Father: {fileID: 0}
  m_RootOrder: 16
  m_LocalEulerAnglesHint: {x: 0, y: 0, z: 0}
--- !u!1001 &1725025063
Prefab:
  m_ObjectHideFlags: 0
  serializedVersion: 2
  m_Modification:
    m_TransformParent: {fileID: 0}
    m_Modifications:
    - target: {fileID: 4131872404786330, guid: bd50f2b2f0d589241be47452b1b95454, type: 2}
      propertyPath: m_LocalPosition.x
      value: 14.71
      objectReference: {fileID: 0}
    - target: {fileID: 4131872404786330, guid: bd50f2b2f0d589241be47452b1b95454, type: 2}
      propertyPath: m_LocalPosition.y
      value: 0.013
      objectReference: {fileID: 0}
    - target: {fileID: 4131872404786330, guid: bd50f2b2f0d589241be47452b1b95454, type: 2}
      propertyPath: m_LocalPosition.z
      value: -0.09
      objectReference: {fileID: 0}
    - target: {fileID: 4131872404786330, guid: bd50f2b2f0d589241be47452b1b95454, type: 2}
      propertyPath: m_LocalRotation.x
      value: -0
      objectReference: {fileID: 0}
    - target: {fileID: 4131872404786330, guid: bd50f2b2f0d589241be47452b1b95454, type: 2}
      propertyPath: m_LocalRotation.y
      value: 0.99994904
      objectReference: {fileID: 0}
    - target: {fileID: 4131872404786330, guid: bd50f2b2f0d589241be47452b1b95454, type: 2}
      propertyPath: m_LocalRotation.z
      value: -0
      objectReference: {fileID: 0}
    - target: {fileID: 4131872404786330, guid: bd50f2b2f0d589241be47452b1b95454, type: 2}
      propertyPath: m_LocalRotation.w
      value: -0.010096343
      objectReference: {fileID: 0}
    - target: {fileID: 4131872404786330, guid: bd50f2b2f0d589241be47452b1b95454, type: 2}
      propertyPath: m_RootOrder
      value: 4
      objectReference: {fileID: 0}
    - target: {fileID: 114557510623865020, guid: bd50f2b2f0d589241be47452b1b95454,
        type: 2}
      propertyPath: pcspot
      value: 
      objectReference: {fileID: 1356082711}
    m_RemovedComponents: []
  m_ParentPrefab: {fileID: 100100000, guid: bd50f2b2f0d589241be47452b1b95454, type: 2}
  m_IsPrefabParent: 0
--- !u!1 &1735435045
GameObject:
  m_ObjectHideFlags: 0
  m_PrefabParentObject: {fileID: 0}
  m_PrefabInternal: {fileID: 0}
  serializedVersion: 5
  m_Component:
  - component: {fileID: 1735435047}
  - component: {fileID: 1735435046}
  m_Layer: 0
  m_Name: Directional Light
  m_TagString: Untagged
  m_Icon: {fileID: 0}
  m_NavMeshLayer: 0
  m_StaticEditorFlags: 0
  m_IsActive: 1
--- !u!108 &1735435046
Light:
  m_ObjectHideFlags: 0
  m_PrefabParentObject: {fileID: 0}
  m_PrefabInternal: {fileID: 0}
  m_GameObject: {fileID: 1735435045}
  m_Enabled: 1
  serializedVersion: 7
  m_Type: 1
  m_Color: {r: 1, g: 0.95686275, b: 0.8392157, a: 1}
  m_Intensity: 1
  m_Range: 10
  m_SpotAngle: 30
  m_CookieSize: 10
  m_Shadows:
    m_Type: 2
    m_Resolution: -1
    m_CustomResolution: -1
    m_Strength: 1
    m_Bias: 0.05
    m_NormalBias: 0.4
    m_NearPlane: 0.2
  m_Cookie: {fileID: 0}
  m_DrawHalo: 0
  m_Flare: {fileID: 0}
  m_RenderMode: 0
  m_CullingMask:
    serializedVersion: 2
    m_Bits: 4294967295
  m_Lightmapping: 4
  m_AreaSize: {x: 1, y: 1}
  m_BounceIntensity: 1
  m_ShadowRadius: 0
  m_ShadowAngle: 0
--- !u!4 &1735435047
Transform:
  m_ObjectHideFlags: 0
  m_PrefabParentObject: {fileID: 0}
  m_PrefabInternal: {fileID: 0}
  m_GameObject: {fileID: 1735435045}
  m_LocalRotation: {x: 0.40821788, y: -0.23456968, z: 0.10938163, w: 0.8754261}
  m_LocalPosition: {x: 0, y: 3, z: 0}
  m_LocalScale: {x: 1, y: 1, z: 1}
  m_Children: []
  m_Father: {fileID: 0}
  m_RootOrder: 15
  m_LocalEulerAnglesHint: {x: 50, y: -30, z: 0}
--- !u!1 &1750923382 stripped
GameObject:
  m_PrefabParentObject: {fileID: 159634, guid: 6f897a4366645d449bcf625ec2d02ebe, type: 2}
  m_PrefabInternal: {fileID: 197849728}
--- !u!65 &1750923383
BoxCollider:
  m_ObjectHideFlags: 0
  m_PrefabParentObject: {fileID: 0}
  m_PrefabInternal: {fileID: 0}
  m_GameObject: {fileID: 1750923382}
  m_Material: {fileID: 0}
  m_IsTrigger: 0
  m_Enabled: 1
  serializedVersion: 2
  m_Size: {x: 0.4528234, y: 0.3666112, z: 0.33451536}
  m_Center: {x: 0.002638334, y: 0.021871567, z: 0.04735732}
--- !u!1 &1768837425 stripped
GameObject:
  m_PrefabParentObject: {fileID: 179638, guid: 6f897a4366645d449bcf625ec2d02ebe, type: 2}
  m_PrefabInternal: {fileID: 197849728}
--- !u!65 &1768837426
BoxCollider:
  m_ObjectHideFlags: 0
  m_PrefabParentObject: {fileID: 0}
  m_PrefabInternal: {fileID: 0}
  m_GameObject: {fileID: 1768837425}
  m_Material: {fileID: 0}
  m_IsTrigger: 0
  m_Enabled: 1
  serializedVersion: 2
  m_Size: {x: 0.15096904, y: 0.53337103, z: 0.21173137}
  m_Center: {x: -0.015551477, y: 0.23336115, z: -0.009087973}
--- !u!1001 &1770968370
Prefab:
  m_ObjectHideFlags: 0
  serializedVersion: 2
  m_Modification:
    m_TransformParent: {fileID: 175344964}
    m_Modifications:
    - target: {fileID: 4957328837515836, guid: e07139e9f89d9034bac98dac961a8266, type: 2}
      propertyPath: m_LocalPosition.x
      value: 0.64447
      objectReference: {fileID: 0}
    - target: {fileID: 4957328837515836, guid: e07139e9f89d9034bac98dac961a8266, type: 2}
      propertyPath: m_LocalPosition.y
      value: -0.27352
      objectReference: {fileID: 0}
    - target: {fileID: 4957328837515836, guid: e07139e9f89d9034bac98dac961a8266, type: 2}
      propertyPath: m_LocalPosition.z
      value: 0.64749
      objectReference: {fileID: 0}
    - target: {fileID: 4957328837515836, guid: e07139e9f89d9034bac98dac961a8266, type: 2}
      propertyPath: m_LocalRotation.x
      value: -0
      objectReference: {fileID: 0}
    - target: {fileID: 4957328837515836, guid: e07139e9f89d9034bac98dac961a8266, type: 2}
      propertyPath: m_LocalRotation.y
      value: 0.05918407
      objectReference: {fileID: 0}
    - target: {fileID: 4957328837515836, guid: e07139e9f89d9034bac98dac961a8266, type: 2}
      propertyPath: m_LocalRotation.z
      value: -0
      objectReference: {fileID: 0}
    - target: {fileID: 4957328837515836, guid: e07139e9f89d9034bac98dac961a8266, type: 2}
      propertyPath: m_LocalRotation.w
      value: 0.9982471
      objectReference: {fileID: 0}
    - target: {fileID: 4957328837515836, guid: e07139e9f89d9034bac98dac961a8266, type: 2}
      propertyPath: m_RootOrder
      value: 0
      objectReference: {fileID: 0}
    - target: {fileID: 1665393401998068, guid: e07139e9f89d9034bac98dac961a8266, type: 2}
      propertyPath: m_Name
      value: player gun (1)
      objectReference: {fileID: 0}
    - target: {fileID: 4957328837515836, guid: e07139e9f89d9034bac98dac961a8266, type: 2}
      propertyPath: m_LocalEulerAnglesHint.y
      value: 6.7860003
      objectReference: {fileID: 0}
    - target: {fileID: 4957328837515836, guid: e07139e9f89d9034bac98dac961a8266, type: 2}
      propertyPath: m_LocalScale.x
      value: 1.1936388
      objectReference: {fileID: 0}
    - target: {fileID: 4957328837515836, guid: e07139e9f89d9034bac98dac961a8266, type: 2}
      propertyPath: m_LocalScale.z
      value: 1.1936368
      objectReference: {fileID: 0}
    - target: {fileID: 4957328837515836, guid: e07139e9f89d9034bac98dac961a8266, type: 2}
      propertyPath: m_LocalScale.y
      value: 1.1936368
      objectReference: {fileID: 0}
    - target: {fileID: 23082646893847366, guid: e07139e9f89d9034bac98dac961a8266,
        type: 2}
      propertyPath: m_CastShadows
      value: 0
      objectReference: {fileID: 0}
    - target: {fileID: 23999627563658738, guid: e07139e9f89d9034bac98dac961a8266,
        type: 2}
      propertyPath: m_CastShadows
      value: 0
      objectReference: {fileID: 0}
    - target: {fileID: 23203536646344340, guid: e07139e9f89d9034bac98dac961a8266,
        type: 2}
      propertyPath: m_CastShadows
      value: 0
      objectReference: {fileID: 0}
    - target: {fileID: 23178889992380040, guid: e07139e9f89d9034bac98dac961a8266,
        type: 2}
      propertyPath: m_CastShadows
      value: 0
      objectReference: {fileID: 0}
    - target: {fileID: 23610040309534876, guid: e07139e9f89d9034bac98dac961a8266,
        type: 2}
      propertyPath: m_CastShadows
      value: 0
      objectReference: {fileID: 0}
    - target: {fileID: 23763133324594126, guid: e07139e9f89d9034bac98dac961a8266,
        type: 2}
      propertyPath: m_CastShadows
      value: 0
      objectReference: {fileID: 0}
    m_RemovedComponents: []
  m_ParentPrefab: {fileID: 100100000, guid: e07139e9f89d9034bac98dac961a8266, type: 2}
  m_IsPrefabParent: 0
--- !u!1001 &1771648948
Prefab:
  m_ObjectHideFlags: 0
  serializedVersion: 2
  m_Modification:
    m_TransformParent: {fileID: 0}
    m_Modifications:
    - target: {fileID: 4098318718737742, guid: 2c9a68cc473ef4e4d80f9be7110056fa, type: 2}
      propertyPath: m_LocalPosition.x
      value: 2.852
      objectReference: {fileID: 0}
    - target: {fileID: 4098318718737742, guid: 2c9a68cc473ef4e4d80f9be7110056fa, type: 2}
      propertyPath: m_LocalPosition.y
      value: 0.21
      objectReference: {fileID: 0}
    - target: {fileID: 4098318718737742, guid: 2c9a68cc473ef4e4d80f9be7110056fa, type: 2}
      propertyPath: m_LocalPosition.z
      value: 3.671
      objectReference: {fileID: 0}
    - target: {fileID: 4098318718737742, guid: 2c9a68cc473ef4e4d80f9be7110056fa, type: 2}
      propertyPath: m_LocalRotation.x
      value: 0
      objectReference: {fileID: 0}
    - target: {fileID: 4098318718737742, guid: 2c9a68cc473ef4e4d80f9be7110056fa, type: 2}
      propertyPath: m_LocalRotation.y
      value: 0
      objectReference: {fileID: 0}
    - target: {fileID: 4098318718737742, guid: 2c9a68cc473ef4e4d80f9be7110056fa, type: 2}
      propertyPath: m_LocalRotation.z
      value: 0
      objectReference: {fileID: 0}
    - target: {fileID: 4098318718737742, guid: 2c9a68cc473ef4e4d80f9be7110056fa, type: 2}
      propertyPath: m_LocalRotation.w
      value: 1
      objectReference: {fileID: 0}
    - target: {fileID: 4098318718737742, guid: 2c9a68cc473ef4e4d80f9be7110056fa, type: 2}
      propertyPath: m_RootOrder
      value: 9
      objectReference: {fileID: 0}
    - target: {fileID: 114133773757055292, guid: 2c9a68cc473ef4e4d80f9be7110056fa,
        type: 2}
      propertyPath: pcspot
      value: 
      objectReference: {fileID: 1969674035}
    - target: {fileID: 114133773757055292, guid: 2c9a68cc473ef4e4d80f9be7110056fa,
        type: 2}
      propertyPath: player
      value: 
      objectReference: {fileID: 2037289266}
    - target: {fileID: 1391873828501288, guid: 2c9a68cc473ef4e4d80f9be7110056fa, type: 2}
      propertyPath: m_IsActive
      value: 0
      objectReference: {fileID: 0}
    m_RemovedComponents: []
  m_ParentPrefab: {fileID: 100100000, guid: 2c9a68cc473ef4e4d80f9be7110056fa, type: 2}
  m_IsPrefabParent: 0
--- !u!1 &1792415859 stripped
GameObject:
  m_PrefabParentObject: {fileID: 104502, guid: 6f897a4366645d449bcf625ec2d02ebe, type: 2}
  m_PrefabInternal: {fileID: 197849728}
--- !u!65 &1792415860
BoxCollider:
  m_ObjectHideFlags: 0
  m_PrefabParentObject: {fileID: 0}
  m_PrefabInternal: {fileID: 0}
  m_GameObject: {fileID: 1792415859}
  m_Material: {fileID: 0}
  m_IsTrigger: 0
  m_Enabled: 1
  serializedVersion: 2
  m_Size: {x: 0.1694103, y: 0.3589804, z: 0.14045101}
  m_Center: {x: -0.008794145, y: 0.15947518, z: 0.0010971167}
--- !u!1 &1816170671
GameObject:
  m_ObjectHideFlags: 0
  m_PrefabParentObject: {fileID: 0}
  m_PrefabInternal: {fileID: 0}
  serializedVersion: 5
  m_Component:
  - component: {fileID: 1816170674}
  - component: {fileID: 1816170673}
  - component: {fileID: 1816170672}
  m_Layer: 0
  m_Name: EventSystem
  m_TagString: Untagged
  m_Icon: {fileID: 0}
  m_NavMeshLayer: 0
  m_StaticEditorFlags: 0
  m_IsActive: 1
--- !u!114 &1816170672
MonoBehaviour:
  m_ObjectHideFlags: 0
  m_PrefabParentObject: {fileID: 0}
  m_PrefabInternal: {fileID: 0}
  m_GameObject: {fileID: 1816170671}
  m_Enabled: 1
  m_EditorHideFlags: 0
  m_Script: {fileID: 1077351063, guid: f5f67c52d1564df4a8936ccd202a3bd8, type: 3}
  m_Name: 
  m_EditorClassIdentifier: 
  m_HorizontalAxis: Horizontal
  m_VerticalAxis: Vertical
  m_SubmitButton: Submit
  m_CancelButton: Cancel
  m_InputActionsPerSecond: 10
  m_RepeatDelay: 0.5
  m_ForceModuleActive: 0
--- !u!114 &1816170673
MonoBehaviour:
  m_ObjectHideFlags: 0
  m_PrefabParentObject: {fileID: 0}
  m_PrefabInternal: {fileID: 0}
  m_GameObject: {fileID: 1816170671}
  m_Enabled: 1
  m_EditorHideFlags: 0
  m_Script: {fileID: -619905303, guid: f5f67c52d1564df4a8936ccd202a3bd8, type: 3}
  m_Name: 
  m_EditorClassIdentifier: 
  m_FirstSelected: {fileID: 0}
  m_sendNavigationEvents: 1
  m_DragThreshold: 5
--- !u!4 &1816170674
Transform:
  m_ObjectHideFlags: 0
  m_PrefabParentObject: {fileID: 0}
  m_PrefabInternal: {fileID: 0}
  m_GameObject: {fileID: 1816170671}
  m_LocalRotation: {x: 0, y: 0, z: 0, w: 1}
  m_LocalPosition: {x: 0, y: 0, z: 0}
  m_LocalScale: {x: 1, y: 1, z: 1}
  m_Children: []
  m_Father: {fileID: 0}
  m_RootOrder: 19
  m_LocalEulerAnglesHint: {x: 0, y: 0, z: 0}
--- !u!4 &1969674035 stripped
Transform:
  m_PrefabParentObject: {fileID: 4942622216107620, guid: ebb136d6b3b0f0046980fcffb9229707,
    type: 2}
  m_PrefabInternal: {fileID: 454296249}
--- !u!4 &2037289266 stripped
Transform:
  m_PrefabParentObject: {fileID: 4931318192464726, guid: 98910b4cdb947514da5de87ea40e0f2c,
    type: 2}
  m_PrefabInternal: {fileID: 740548552}
--- !u!1001 &2114517837
Prefab:
  m_ObjectHideFlags: 0
  serializedVersion: 2
  m_Modification:
    m_TransformParent: {fileID: 0}
    m_Modifications:
    - target: {fileID: 400016, guid: de8e2ff41a8ff424abff785f2342690a, type: 3}
      propertyPath: m_LocalPosition.x
      value: -17.09
      objectReference: {fileID: 0}
    - target: {fileID: 400016, guid: de8e2ff41a8ff424abff785f2342690a, type: 3}
      propertyPath: m_LocalPosition.y
      value: -2.67
      objectReference: {fileID: 0}
    - target: {fileID: 400016, guid: de8e2ff41a8ff424abff785f2342690a, type: 3}
      propertyPath: m_LocalPosition.z
      value: 14.96
      objectReference: {fileID: 0}
    - target: {fileID: 400016, guid: de8e2ff41a8ff424abff785f2342690a, type: 3}
      propertyPath: m_LocalRotation.x
      value: 0
      objectReference: {fileID: 0}
    - target: {fileID: 400016, guid: de8e2ff41a8ff424abff785f2342690a, type: 3}
      propertyPath: m_LocalRotation.y
      value: 0
      objectReference: {fileID: 0}
    - target: {fileID: 400016, guid: de8e2ff41a8ff424abff785f2342690a, type: 3}
      propertyPath: m_LocalRotation.z
      value: 0
      objectReference: {fileID: 0}
    - target: {fileID: 400016, guid: de8e2ff41a8ff424abff785f2342690a, type: 3}
      propertyPath: m_LocalRotation.w
      value: 1
      objectReference: {fileID: 0}
    - target: {fileID: 400016, guid: de8e2ff41a8ff424abff785f2342690a, type: 3}
      propertyPath: m_RootOrder
      value: 12
      objectReference: {fileID: 0}
    m_RemovedComponents: []
  m_ParentPrefab: {fileID: 100100000, guid: de8e2ff41a8ff424abff785f2342690a, type: 3}
  m_IsPrefabParent: 0
